<record xmlns="http://www.loc.gov/MARC21/slim" xmlns:xsi="http://www.w3.org/2001/XMLSchema-instance" xsi:schemaLocation="http://www.loc.gov/MARC21/slim http://www.loc.gov/standards/marcxml/schema/MARC21slim.xsd"><leader>02323nam a2200433   4500</leader><controlfield tag="001">001680282</controlfield><controlfield tag="003">NNU</controlfield><controlfield tag="006">m        d        </controlfield><controlfield tag="007">cr cn |||m|||a</controlfield><controlfield tag="008">150222s1970    iq      ob    000 0 araod</controlfield><datafield ind1=" " ind2=" " tag="040"><subfield code="a">NNU</subfield><subfield code="b">eng</subfield><subfield code="c">NNU</subfield></datafield><datafield ind1=" " ind2="4" tag="050"><subfield code="a">PJ7700</subfield><subfield code="b">.M5 1970</subfield></datafield><datafield ind1="1" ind2=" " tag="100"><subfield code="6">880-01</subfield><subfield code="a">Miski&#772;n al-Da&#772;rimi&#772;, Rabi&#772;&#699;ah ibn &#699;A&#772;mir,</subfield><subfield code="d">-707 or 708.</subfield></datafield><datafield ind1="1" ind2="0" tag="245"><subfield code="6">880-02</subfield><subfield code="a">Di&#772;wa&#772;n Miski&#772;n al-Da&#772;rimi&#772;</subfield><subfield code="h">[electronic resource] /</subfield><subfield code="c">jama&#699;ahu wa-h&#803;aqqaqahu &#699;Abd Alla&#772;h al-Jubu&#772;ri&#772; [wa] Khali&#772;l Ibra&#772;hi&#772;m al-&#699;At&#803;i&#772;yah.</subfield></datafield><datafield ind1="1" ind2="4" tag="246"><subfield code="a">Diwan Maskin al-Darimi</subfield></datafield><datafield ind1=" " ind2=" " tag="250"><subfield code="6">880-03</subfield><subfield code="a">[al-T&#803;ab&#699;ah 1.]</subfield></datafield><datafield ind1=" " ind2=" " tag="260"><subfield code="6">880-04</subfield><subfield code="a">Baghda&#772;d :</subfield><subfield code="b">Mat&#803;ba&#699;at Da&#772;r al-Bas&#803;ri&#772;,</subfield><subfield code="c">1970.</subfield></datafield><datafield ind1=" " ind2=" " tag="300"><subfield code="a">online resource (100 p.)</subfield></datafield><datafield ind1=" " ind2=" " tag="500"><subfield code="a">Part of the Arabic Collections Online (ACO) project, contributed by New York Univeristy Libraries.</subfield></datafield><datafield ind1=" " ind2=" " tag="504"><subfield code="a">Includes bibliographical references.</subfield></datafield><datafield ind1=" " ind2=" " tag="533"><subfield code="a">Electronic reproduction.</subfield><subfield code="b">New York, N.Y. :</subfield><subfield code="c">New York University,</subfield><subfield code="d">2015.</subfield><subfield code="5">NNU</subfield></datafield><datafield ind1=" " ind2="0" tag="650"><subfield code="a">Arabic poetry</subfield><subfield code="y">622-750.</subfield></datafield><datafield ind1=" " ind2="7" tag="650"><subfield code="a">Arabic poetry.</subfield><subfield code="2">fast</subfield><subfield code="0">(OCoLC)fst00812533</subfield></datafield><datafield ind1=" " ind2="7" tag="648"><subfield code="a">622 - 750</subfield><subfield code="2">fast</subfield></datafield><datafield ind1="1" ind2=" " tag="700"><subfield code="6">880-05</subfield><subfield code="a">Jub&#363;r&#299;, &#699;Abd All&#257;h</subfield><subfield code="e">ed.</subfield></datafield><datafield ind1="1" ind2=" " tag="700"><subfield code="6">880-06</subfield><subfield code="a">&#699;At&#803;i&#772;yah, Khali&#772;l Ibra&#772;hi&#772;m,</subfield><subfield code="e">ed.</subfield></datafield><datafield ind1="2" ind2=" " tag="710"><subfield code="a">New York University.</subfield><subfield code="b">Libraries.</subfield></datafield><datafield ind1="0" ind2=" " tag="730"><subfield code="a">Arabic Collections Online.</subfield></datafield><datafield ind1="0" ind2="8" tag="776"><subfield code="i">Online version:</subfield><subfield code="a">Miski&#772;n al-Da&#772;rimi&#772;, Rabi&#772;&#699;ah ibn &#699;A&#772;mir, d. 707 or 8.</subfield><subfield code="t">Di&#772;wa&#772;n Miski&#772;n al-Da&#772;rimi&#772;</subfield><subfield code="b">[al-T&#803;ab&#699;ah 1.]</subfield><subfield code="d">Baghda&#772;d : Mat&#803;ba&#699;at Da&#772;r al-Bas&#803;ri&#772;, 1970</subfield><subfield code="w">(OCoLC)571856377</subfield></datafield><datafield ind1="0" ind2="8" tag="776"><subfield code="i">Print version:</subfield><subfield code="a">Miski&#772;n al-Da&#772;rimi&#772;, Rabi&#772;&#699;ah ibn &#699;A&#772;mir, -707 or 708.</subfield><subfield code="t">Di&#772;wa&#772;n Miski&#772;n al-Da&#772;rimi&#772;</subfield><subfield code="w">(NNU)001680282</subfield><subfield code="w">(DLC)   79240880</subfield></datafield><datafield ind1="4" ind2="0" tag="856"><subfield code="u">http://hdl.handle.net/2333.1/dz08krjs</subfield></datafield><datafield ind1="1" ind2=" " tag="880"><subfield code="6">100-01/</subfield><subfield code="a">&#1605;&#1587;&#1603;&#1610;&#1606; &#1575;&#1604;&#1583;&#1575;&#1585;&#1605;&#1610;&#1548; &#1585;&#1576;&#1610;&#1593;&#1577; &#1576;&#1606; &#1593;&#1575;&#1605;&#1585;.</subfield></datafield><datafield ind1="1" ind2="0" tag="880"><subfield code="6">245-02/</subfield><subfield code="a">&#1583;&#1610;&#1608;&#1575;&#1606; &#1605;&#1587;&#1603;&#1610;&#1606; &#1575;&#1604;&#1583;&#1575;&#1585;&#1605;&#1610; /</subfield><subfield code="c">&#1580;&#1605;&#1593;&#1607; &#1608; &#1581;&#1602;&#1602;&#1607; &#1593;&#1576;&#1583; &#1575;&#1604;&#1604;&#1607; &#1575;&#1604;&#1580;&#1576;&#1608;&#1585;&#1610; &#1548; &#1582;&#1604;&#1610;&#1604; &#1575;&#1576;&#1585;&#1575;&#1607;&#1610;&#1605; &#1593;&#1591;&#1610;&#1577;.</subfield></datafield><datafield ind1=" " ind2=" " tag="880"><subfield code="6">250-03/</subfield><subfield code="a">&#8207;[&#1575;&#1604;&#1591;&#1576;&#1593;&#1577; 1.]</subfield></datafield><datafield ind1=" " ind2=" " tag="880"><subfield code="6">260-04/</subfield><subfield code="a">&#1576;&#1594;&#1583;&#1575;&#1583; :</subfield><subfield code="b">&#1605;&#1591;&#1576;&#1593;&#1577; &#1583;&#1575;&#1585; &#1575;&#1604;&#1576;&#1589;&#1585;&#1610;&#1548;</subfield><subfield code="c">1970.</subfield></datafield><datafield ind1="1" ind2=" " tag="880"><subfield code="6">700-05/</subfield><subfield code="a">&#1580;&#1576;&#1608;&#1585;&#1610;&#1548; &#1593;&#1576;&#1583; &#1575;&#1604;&#1604;&#1607;.</subfield></datafield><datafield ind1="1" ind2=" " tag="880"><subfield code="6">700-06/</subfield><subfield code="a">&#1593;&#1591;&#1610;&#1577;&#1548; &#1582;&#1604;&#1610;&#1604; &#1575;&#1576;&#1585;&#1575;&#1607;&#1610;&#1605;.</subfield></datafield><datafield ind1=" " ind2=" " tag="959"><subfield code="a">NNU</subfield><subfield code="b">WEB</subfield><subfield code="c">GENI</subfield><subfield code="t">0</subfield><subfield code="m">Electronic access</subfield><subfield code="s">01</subfield></datafield><datafield ind1=" " ind2=" " tag="999"><subfield code="i">NNU_001680282</subfield><subfield code="s">nyu_aco000335</subfield><subfield code="e">(ERROR-880)</subfield></datafield></record>